<record><leader>00000cas a22000007a 4500</leader><controlfield tag="001">31237987</controlfield><controlfield tag="008">941007d18871893vaudr ne      0    0eng d</controlfield><datafield ind1=" " ind2=" " tag="010"><subfield code="a">sn 94059409 </subfield></datafield><datafield ind1=" " ind2=" " tag="040"><subfield code="a">NVK</subfield><subfield code="b">eng</subfield><subfield code="c">NVK</subfield><subfield code="d">OCLCQ</subfield><subfield code="d">OCLCF</subfield><subfield code="d">OCLCO</subfield></datafield><datafield ind1="1" ind2=" " tag="029"><subfield code="a">AU@</subfield><subfield code="b">000011305818</subfield></datafield><datafield ind1=" " ind2=" " tag="042"><subfield code="a">msc</subfield></datafield><datafield ind1=" " ind2=" " tag="043"><subfield code="a">n-us-va</subfield></datafield><datafield ind1="0" ind2=" " tag="130"><subfield code="a">Daily Virginian (Lynchburg, Va. : 1887)</subfield></datafield><datafield ind1="1" ind2="4" tag="245"><subfield code="a">The Daily Virginian.</subfield></datafield><datafield ind1="1" ind2="7" tag="246"><subfield code="a">Virginian</subfield></datafield><datafield ind1=" " ind2=" " tag="260"><subfield code="a">Lynchburg, Va. :</subfield><subfield code="b">Virginia Pub. Co.,</subfield><subfield code="c">1887-1893.</subfield></datafield><datafield ind1=" " ind2=" " tag="300"><subfield code="a">v.</subfield></datafield><datafield ind1=" " ind2=" " tag="310"><subfield code="a">Daily (except Mon.),</subfield><subfield code="b">-1893</subfield></datafield><datafield ind1=" " ind2=" " tag="321"><subfield code="a">Daily (except Sun.),</subfield><subfield code="b">1887-</subfield></datafield><datafield ind1="0" ind2=" " tag="362"><subfield code="a">79th year (Mar. 19, 1887)-79th year (Dec. 1, 1887) ; Dec. 2, 1887-Feb. 22, 1893.</subfield></datafield><datafield ind1=" " ind2=" " tag="500"><subfield code="a">"The county newspaper."</subfield></datafield><datafield ind1=" " ind2=" " tag="500"><subfield code="a">Microfilmed for the Library of Virginia.</subfield></datafield><datafield ind1=" " ind2=" " tag="530"><subfield code="a">Microfilm available from: Micro Photo, Inc.</subfield></datafield><datafield ind1=" " ind2="0" tag="651"><subfield code="a">Lynchburg (Va.)</subfield><subfield code="v">Newspapers.</subfield></datafield><datafield ind1=" " ind2="7" tag="655"><subfield code="a">Newspapers.</subfield><subfield code="2">fast</subfield><subfield code="0">(OCoLC)fst01423814</subfield></datafield><datafield ind1=" " ind2="7" tag="651"><subfield code="a">Virginia</subfield><subfield code="z">Lynchburg.</subfield><subfield code="2">fast</subfield><subfield code="0">(OCoLC)fst01207740</subfield></datafield><datafield ind1=" " ind2=" " tag="752"><subfield code="a">United States</subfield><subfield code="b">Virginia</subfield><subfield code="d">Lynchburg.</subfield></datafield><datafield ind1="0" ind2=" " tag="775"><subfield code="t">Lynchburg weekly Virginian</subfield><subfield code="w">(DLC)sn 84024645</subfield></datafield><datafield ind1="0" ind2="0" tag="780"><subfield code="t">Lynchburg Virginian (Lynchburg, Va. : 1879 : Daily)</subfield><subfield code="w">(DLC)sn 84024646</subfield></datafield><datafield ind1="0" ind2="4" tag="785"><subfield code="t">Lynchburg news (Lynchburg, Va. : 1891 : Daily)</subfield><subfield code="w">(DLC)sn 94059406</subfield></datafield></record>